<record><leader>00000cas a22000007a 4500</leader><controlfield tag="001">8899240</controlfield><controlfield tag="008">821028d19821983iaudn ne      0   a0eng d</controlfield><datafield ind1=" " ind2=" " tag="010"><subfield code="a">sn 82007324 </subfield></datafield><datafield ind1=" " ind2=" " tag="040"><subfield code="a">NSD</subfield><subfield code="b">eng</subfield><subfield code="c">NSD</subfield><subfield code="d">INP</subfield><subfield code="d">OCLCQ</subfield><subfield code="d">OCLCO</subfield></datafield><datafield ind1=" " ind2=" " tag="012"><subfield code="m">d</subfield></datafield><datafield ind1="1" ind2=" " tag="022"><subfield code="a">0745-1806</subfield><subfield code="l">0745-1806</subfield><subfield code="2">1</subfield></datafield><datafield ind1="1" ind2=" " tag="029"><subfield code="a">AU@</subfield><subfield code="b">000025803501</subfield></datafield><datafield ind1=" " ind2=" " tag="032"><subfield code="a">154740</subfield><subfield code="b">USPS</subfield></datafield><datafield ind1=" " ind2=" " tag="037"><subfield code="b">Des Moines Daily Business Record; 516 Third St., Des Moines, IA, 50309</subfield></datafield><datafield ind1=" " ind2=" " tag="042"><subfield code="a">nsdp</subfield></datafield><datafield ind1=" " ind2="0" tag="222"><subfield code="a">Des Moines daily business record</subfield></datafield><datafield ind1="0" ind2="0" tag="245"><subfield code="a">Des Moines daily business record.</subfield></datafield><datafield ind1="1" ind2="7" tag="246"><subfield code="a">Daily business record</subfield></datafield><datafield ind1=" " ind2=" " tag="260"><subfield code="a">Des Moines, Iowa :</subfield><subfield code="b">Des Moines Daily Business Record Co.,</subfield><subfield code="c">1982-1983.</subfield></datafield><datafield ind1=" " ind2=" " tag="300"><subfield code="a">2 v.</subfield></datafield><datafield ind1=" " ind2=" " tag="310"><subfield code="a">Daily (except weekends, legal holidays)</subfield></datafield><datafield ind1="0" ind2=" " tag="362"><subfield code="a">Vol. 78, no. 193 (Oct. 7, 1982)-v. 79, no. 174 (Sept. 26, 1983).</subfield></datafield><datafield ind1=" " ind2=" " tag="550"><subfield code="a">Official newspaper of U.S. District Court, Polk County District Court, and Polk County Associate District Court.</subfield></datafield><datafield ind1="2" ind2=" " tag="710"><subfield code="a">Polk County District Court (Iowa)</subfield></datafield><datafield ind1="1" ind2=" " tag="710"><subfield code="a">United States.</subfield><subfield code="b">District Court (Iowa)</subfield></datafield><datafield ind1="2" ind2=" " tag="710"><subfield code="a">Polk County Associate District Court (Iowa)</subfield></datafield><datafield ind1=" " ind2=" " tag="752"><subfield code="a">United States</subfield><subfield code="b">Iowa</subfield><subfield code="c">Polk</subfield><subfield code="d">Des Moines.</subfield></datafield><datafield ind1="0" ind2="0" tag="780"><subfield code="t">Des Moines daily record</subfield><subfield code="w">(DLC)sn 87057099</subfield></datafield><datafield ind1="0" ind2="0" tag="785"><subfield code="t">Business record (Des Moines, Iowa)</subfield><subfield code="w">(DLC)sn 8304728</subfield><subfield code="x">0746-410X</subfield></datafield><datafield ind1=" " ind2=" " tag="936"><subfield code="a">Vol. 78, no. 203</subfield></datafield></record>